@article{cuhmm,
  title={A Cuda Implementation of Hidden Markov Models},
  author={Chuan Liu},
  publisher={test},
  year={2009}
}


