@article{cuhmm,
  title={A Cuda Implementation of Hidden Markov Models},
  author={Chuan Liu}
}

@article{reduction,
  title={Optimizing Parallel Reduction in Cuda},
  author={Mark Harris}
}

@article{hmm,
  title={Speech and Language Processing},
  author={Daniel Jurafsky and James H Martin}
}

@misc{hmm_fb,
	title={HMMs and the forward-backward algorithm},
	author={Ramesh Sridharan}
}

@misc{gm_bn,
	author= {Kevin Murphy},
	title= {A Brief Intro to Graphical Models and Bayesian Networks}
}

@article{hmm_II,
	title={Hidden Markov Models},
	author={Nikolas Doerfler}
}

@book{mm_pr,
	author    = "Gernot A.Fink",
	title     = "Markov Models for Pattern Recognition",
	year      = "2014",
	publisher = "Springer",
	address   = "Springer London"
}